<?xml version="1.0" encoding="UTF-8"?><collection xmlns="http://www.loc.gov/MARC21/slim"><record><leader>00539nam--2200181-i-4500</leader><controlfield tag="001">000008105</controlfield><controlfield tag="002">20161230</controlfield><controlfield tag="005">20161230201027</controlfield><controlfield tag="008">060222s1000------------r-----000-0-eng-d</controlfield><datafield ind1=" " ind2=" " tag="040"><subfield code="a">IFIN-HH</subfield></datafield><datafield ind1=" " ind2=" " tag="080"><subfield code="a">531.1:539.12.01</subfield></datafield><datafield ind1="1" ind2=" " tag="100"><subfield code="a">Hagedorn, R</subfield></datafield><datafield ind1="1" ind2="0" tag="245"><subfield code="a">Relativistic kinematics</subfield><subfield code="b">Guide to the kinematic problems of high-energy physics</subfield><subfield code="c">R. hagedorn</subfield></datafield><datafield ind1=" " ind2=" " tag="260"><subfield code="a">New York</subfield><subfield code="b">W.A. Benjamin, Inc</subfield><subfield code="c">1963</subfield></datafield><datafield ind1=" " ind2=" " tag="300"><subfield code="a">166P</subfield></datafield><datafield ind1=" " ind2=" " tag="490"><subfield code="a">Lecture Notes And Supplements In Physics</subfield></datafield><datafield ind1=" " ind2=" " tag="852"><subfield code="a">27512</subfield><subfield code="c">539.12</subfield></datafield><datafield ind1=" " ind2=" " tag="CAT"><subfield code="a">Sys</subfield><subfield code="c">20111115</subfield><subfield code="h">145519</subfield></datafield></record></collection>